<record><leader>00000cas a22000007a 4500</leader><controlfield tag="001">20303404</controlfield><controlfield tag="008">890906d18821887nduwr ne      0    0eng d</controlfield><datafield ind1=" " ind2=" " tag="010"><subfield code="a">sn 89074269 </subfield></datafield><datafield ind1=" " ind2=" " tag="040"><subfield code="a">NOP</subfield><subfield code="b">eng</subfield><subfield code="c">NOP</subfield><subfield code="d">OCLCQ</subfield></datafield><datafield ind1=" " ind2=" " tag="042"><subfield code="a">msc</subfield></datafield><datafield ind1="0" ind2="0" tag="245"><subfield code="a">Valley City weekly times.</subfield></datafield><datafield ind1=" " ind2=" " tag="260"><subfield code="a">Valley City, Barnes County, Dakota [N.D.] :</subfield><subfield code="b">Times Pub. Co.</subfield></datafield><datafield ind1=" " ind2=" " tag="300"><subfield code="a">v. :</subfield><subfield code="b">ill. ;</subfield><subfield code="c">55-57 cm.</subfield></datafield><datafield ind1=" " ind2=" " tag="310"><subfield code="a">Weekly</subfield></datafield><datafield ind1="0" ind2=" " tag="362"><subfield code="a">Vol. 4, no. 27 (Dec. 7, 1882)-</subfield></datafield><datafield ind1="1" ind2=" " tag="362"><subfield code="a">Ceased in Apr. 1887.</subfield></datafield><datafield ind1=" " ind2=" " tag="500"><subfield code="a">"Official Paper of Barnes County and this Sub-Land District", 1882; "Official Paper of Barnes County", 1882-1883; "Official Paper of Barnes County and Official Paper of Valley City", 1883-1884.</subfield></datafield><datafield ind1=" " ind2=" " tag="530"><subfield code="a">Available on microfilm from the State Historical Society of North Dakota.</subfield></datafield><datafield ind1=" " ind2=" " tag="752"><subfield code="a">United States</subfield><subfield code="b">North Dakota</subfield><subfield code="c">Barnes</subfield><subfield code="d">Valley City.</subfield></datafield><datafield ind1="0" ind2=" " tag="775"><subfield code="t">Valley City daily times</subfield><subfield code="w">(DLC)sn 89074275</subfield></datafield><datafield ind1="0" ind2="0" tag="780"><subfield code="t">Valley City times</subfield><subfield code="w">(DLC)sn 89074268</subfield></datafield><datafield ind1="0" ind2="5" tag="780"><subfield code="t">Barnes County record</subfield></datafield><datafield ind1="0" ind2="0" tag="785"><subfield code="t">Times record (Valley City, N.D.)</subfield><subfield code="w">(DLC)sn 89074270</subfield></datafield></record>